@inproceedings{wang2014studentlife,
  title={StudentLife: assessing mental health, academic performance and behavioral trends of college students using smartphone},
  author={Wang, Rui and Chen, Fanglin and Chen, Zhenyu and Li, Tianxing and Harari, Gabriella and Tignor, Stefanie and Zhou, Xia and Ben-Zeev, Dror and Campbell, Andrew T},
  booktitle={Proceedings of the 2014 ACM international joint conference on pervasive and ubiquitous computing},
  pages={3--14},
  year={2014},
  organization={ACM}
}

@article{slavich2016life,
  title={Life stress and health: a review of conceptual issues and recent findings},
  author={Slavich, George M},
  journal={Teaching of Psychology},
  volume={43},
  number={4},
  pages={346--355},
  year={2016},
  publisher={SAGE Publications Sage CA: Los Angeles, CA}
}

@article{kang2012decreased,
  title={Decreased expression of synapse-related genes and loss of synapses in major depressive disorder},
  author={Kang, Hyo Jung and Voleti, Bhavya and Hajszan, Tibor and Rajkowska, Grazyna and Stockmeier, Craig A and Licznerski, Pawel and Lepack, Ashley and Majik, Mahesh S and Jeong, Lak Shin and Banasr, Mounira and others},
  journal={Nature medicine},
  volume={18},
  number={9},
  pages={1413},
  year={2012},
  publisher={Nature Publishing Group}
}

@article{holzel2009stress,
  title={Stress reduction correlates with structural changes in the amygdala},
  author={H{\"o}lzel, Britta K and Carmody, James and Evans, Karleyton C and Hoge, Elizabeth A and Dusek, Jeffery A and Morgan, Lucas and Pitman, Roger K and Lazar, Sara W},
  journal={Social cognitive and affective neuroscience},
  volume={5},
  number={1},
  pages={11--17},
  year={2009},
  publisher={Oxford University Press}
}

@article{smith2013effects,
  title={Effects of emotional exposure on state anxiety after acute exercise},
  author={Smith, J Carson},
  journal={Medicine and science in sports and exercise},
  volume={45},
  number={2},
  pages={372--378},
  year={2013}
}

@article{viveros2018stress,
  title={Why Stress Management Strategies Work},
  author={Viveros, Jennifer and Schramm, David G},
  year={2018},
  publisher={Utah State University Extension}
}

@article{kushlev2015checking,
  title={Checking email less frequently reduces stress},
  author={Kushlev, Kostadin and Dunn, Elizabeth W},
  journal={Computers in Human Behavior},
  volume={43},
  pages={220--228},
  year={2015},
  publisher={Elsevier}
}

@article{brown2009yoga,
  title={Yoga breathing, meditation, and longevity},
  author={Brown, Richard P and Gerbarg, Patricia L},
  journal={Annals of the New York Academy of Sciences},
  volume={1172},
  number={1},
  pages={54--62},
  year={2009},
  publisher={Wiley Online Library}
}

@article{cervellin2011music,
  title={From music-beat to heart-beat: a journey in the complex interactions between music, brain and heart},
  author={Cervellin, Gianfranco and Lippi, Giuseppe},
  journal={European journal of internal medicine},
  volume={22},
  number={4},
  pages={371--374},
  year={2011},
  publisher={Elsevier}
}

@article{rapaport2010preliminary,
  title={A preliminary study of the effects of a single session of Swedish massage on hypothalamic--pituitary--adrenal and immune function in normal individuals},
  author={Rapaport, Mark Hyman and Schettler, Pamela and Bresee, Catherine},
  journal={The Journal of Alternative and Complementary Medicine},
  volume={16},
  number={10},
  pages={1079--1088},
  year={2010},
  publisher={Mary Ann Liebert, Inc. 140 Huguenot Street, 3rd Floor New Rochelle, NY 10801 USA}
}

@article{scholey2009chewing,
  title={Chewing gum alleviates negative mood and reduces cortisol during acute laboratory psychological stress},
  author={Scholey, Andrew and Haskell, Crystal and Robertson, Bernadette and Kennedy, David and Milne, Anthea and Wetherell, Mark},
  journal={Physiology \& behavior},
  volume={97},
  number={3-4},
  pages={304--312},
  year={2009},
  publisher={Elsevier}
}

@article{fehske2011global,
  title={The global footprint of mobile communications: The ecological and economic perspective},
  author={Fehske, Albrecht and Fettweis, Gerhard and Malmodin, Jens and Biczok, Gergely},
  journal={IEEE Communications Magazine},
  volume={49},
  number={8},
  pages={55--62},
  year={2011},
  publisher={IEEE}
}

@article{dasilva2019correlates,
  title={Correlates of Stress in the College Environment Uncovered by the Application of Penalized Generalized Estimating Equations to Mobile Sensing Data},
  author={DaSilva, Alex W and Huckins, Jeremy F and Wang, Rui and Wang, Weichen and Wagner, Dylan D and Campbell, Andrew T},
  journal={JMIR mHealth and uHealth},
  volume={7},
  number={3},
  pages={e12084},
  year={2019},
  publisher={JMIR Publications Inc., Toronto, Canada}
}

@article{ben2015next,
  title={Next-generation psychiatric assessment: Using smartphone sensors to monitor behavior and mental health.},
  author={Ben-Zeev, Dror and Scherer, Emily A and Wang, Rui and Xie, Haiyi and Campbell, Andrew T},
  journal={Psychiatric rehabilitation journal},
  volume={38},
  number={3},
  pages={218},
  year={2015},
  publisher={Educational Publishing Foundation}
}

@article{bengio1994learning,
  title={Learning long-term dependencies with gradient descent is difficult},
  author={Bengio, Yoshua and Simard, Patrice and Frasconi, Paolo and others},
  journal={IEEE transactions on neural networks},
  volume={5},
  number={2},
  pages={157--166},
  year={1994}
}

@article{hochreiter1997long,
  title={Long short-term memory},
  author={Hochreiter, Sepp and Schmidhuber, J{\"u}rgen},
  journal={Neural computation},
  volume={9},
  number={8},
  pages={1735--1780},
  year={1997},
  publisher={MIT Press}
}

@article{karim2018lstm,
  title={LSTM fully convolutional networks for time series classification},
  author={Karim, Fazle and Majumdar, Somshubra and Darabi, Houshang and Chen, Shun},
  journal={IEEE Access},
  volume={6},
  pages={1662--1669},
  year={2018},
  publisher={IEEE}
}

@article{yeo2000new,
  title={A new family of power transformations to improve normality or symmetry},
  author={Yeo, In-Kwon and Johnson, Richard A},
  journal={Biometrika},
  volume={87},
  number={4},
  pages={954--959},
  year={2000},
  publisher={Oxford University Press}
}

@article{becker2016predict,
  title={How to predict mood? Delving into features of smartphone-based data},
  author={Becker, Dennis and Bremer, Vincent and Funk, Burkhardt and Asselbergs, Joost and Riper, Heleen and Ruwaard, Jeroen},
  year={2016}
}

@article{pratap2019accuracy,
  title={The accuracy of passive phone sensors in predicting daily mood},
  author={Pratap, Abhishek and Atkins, David C and Renn, Brenna N and Tanana, Michael J and Mooney, Sean D and Anguera, Joaquin A and Are{\'a}n, Patricia A},
  journal={Depression and anxiety},
  volume={36},
  number={1},
  pages={72--81},
  year={2019},
  publisher={Wiley Online Library}
}

@inproceedings{canzian2015trajectories,
  title={Trajectories of depression: unobtrusive monitoring of depressive states by means of smartphone mobility traces analysis},
  author={Canzian, Luca and Musolesi, Mirco},
  booktitle={Proceedings of the 2015 ACM international joint conference on pervasive and ubiquitous computing},
  pages={1293--1304},
  year={2015},
  organization={ACM}
}

@article{saeb2016relationship,
  title={The relationship between mobile phone location sensor data and depressive symptom severity},
  author={Saeb, Sohrab and Lattie, Emily G and Schueller, Stephen M and Kording, Konrad P and Mohr, David C},
  journal={PeerJ},
  volume={4},
  pages={e2537},
  year={2016},
  publisher={PeerJ Inc.}
}

@article{wahle2016mobile,
  title={Mobile sensing and support for people with depression: a pilot trial in the wild},
  author={Wahle, Fabian and Kowatsch, Tobias and Fleisch, Elgar and Rufer, Michael and Weidt, Steffi},
  journal={JMIR mHealth and uHealth},
  volume={4},
  number={3},
  pages={e111},
  year={2016},
  publisher={JMIR Publications Inc., Toronto, Canada}
}

@article{ma2014infer,
  title={Infer Daily Mood using Mobile Phone Sensing.},
  author={Ma, Yuanchao and Xu, Bin and Bai, Yin and Sun, Guodong and Zhu, Run},
  journal={Adhoc \& Sensor Wireless Networks},
  volume={20},
  year={2014}
}

@article{ben2015mobile,
  title={Mobile behavioral sensing for outpatients and inpatients with schizophrenia},
  author={Ben-Zeev, Dror and Wang, Rui and Abdullah, Saeed and Brian, Rachel and Scherer, Emily A and Mistler, Lisa A and Hauser, Marta and Kane, John M and Campbell, Andrew and Choudhury, Tanzeem},
  journal={Psychiatric services},
  volume={67},
  number={5},
  pages={558--561},
  year={2015},
  publisher={Am Psychiatric Assoc}
}

@article{liu2019prevalence,
  title={The prevalence and predictors of mental health diagnoses and suicide among US college students: Implications for addressing disparities in service use},
  author={Liu, Cindy H and Stevens, Courtney and Wong, Sylvia HM and Yasui, Miwa and Chen, Justin A},
  journal={Depression and anxiety},
  volume={36},
  number={1},
  pages={8--17},
  year={2019},
  publisher={Wiley Online Library}
}

@book{landow2006stress,
  title={Stress and mental health of college students},
  author={Landow, Mery V},
  year={2006},
  publisher={Nova Publishers}
}

@book{weiten2014psychology,
  title={Psychology applied to modern life: Adjustment in the 21st century},
  author={Weiten, Wayne and Dunn, Dana S and Hammer, Elizabeth Yost},
  year={2014},
  publisher={Cengage Learning}
}

@article{sanou2017ict,
  title={ICT facts and figures 2016},
  author={Sanou, Brahima},
  journal={International telecommunications union. Geneva},
  year={2017}
}

@inproceedings{huang2016stressclick,
  title={Stressclick: Sensing stress from gaze-click patterns},
  author={Huang, Michael Xuelin and Li, Jiajia and Ngai, Grace and Leong, Hong Va},
  booktitle={Proceedings of the 24th ACM international conference on Multimedia},
  pages={1395--1404},
  year={2016},
  organization={ACM}
}

@article{carneiro2012multimodal,
  title={Multimodal behavioral analysis for non-invasive stress detection},
  author={Carneiro, Davide and Castillo, Jos{\'e} Carlos and Novais, Paulo and Fern{\'a}ndez-Caballero, Antonio and Neves, Jos{\'e}},
  journal={Expert Systems with Applications},
  volume={39},
  number={18},
  pages={13376--13389},
  year={2012},
  publisher={Elsevier}
}

@inproceedings{zhai2006stress,
  title={Stress Recognition Using Non-invasive Technology.},
  author={Zhai, Jing and Barreto, Armando},
  booktitle={FLAIRS Conference},
  pages={395--401},
  year={2006}
}

@incollection{hansen2007speech,
  title={Speech under stress: Analysis, modeling and recognition},
  author={Hansen, John HL and Patil, Sanjay},
  booktitle={Speaker classification I},
  pages={108--137},
  year={2007},
  publisher={Springer}
}

@article{giannakakis2017stress,
  title={Stress and anxiety detection using facial cues from videos},
  author={Giannakakis, G and Pediaditis, Matthew and Manousos, Dimitris and Kazantzaki, Eleni and Chiarugi, Franco and Simos, Panagiotis G and Marias, Kostas and Tsiknakis, Manolis},
  journal={Biomedical Signal Processing and Control},
  volume={31},
  pages={89--101},
  year={2017},
  publisher={Elsevier}
}

@inproceedings{hosseini2010emotional,
  title={Emotional stress recognition system using EEG and psychophysiological signals: Using new labelling process of EEG signals in emotional stress state},
  author={Hosseini, Seyyed Abed and Khalilzadeh, Mohammad Ali},
  booktitle={2010 international conference on biomedical engineering and computer science},
  pages={1--6},
  year={2010},
  organization={IEEE}
}

@article{lecun1995convolutional,
  title={Convolutional networks for images, speech, and time series},
  author={LeCun, Yann and Bengio, Yoshua and others},
  journal={The handbook of brain theory and neural networks},
  volume={3361},
  number={10},
  pages={1995},
  year={1995}
}

@inproceedings{wang2016dimensional,
  title={Dimensional sentiment analysis using a regional CNN-LSTM model},
  author={Wang, Jin and Yu, Liang-Chih and Lai, K Robert and Zhang, Xuejie},
  booktitle={Proceedings of the 54th Annual Meeting of the Association for Computational Linguistics (Volume 2: Short Papers)},
  volume={2},
  pages={225--230},
  year={2016}
}

@article{hanley1982meaning,
  title={The meaning and use of the area under a receiver operating characteristic (ROC) curve.},
  author={Hanley, James A and McNeil, Barbara J},
  journal={Radiology},
  volume={143},
  number={1},
  pages={29--36},
  year={1982}
}

@article{picard2001toward,
  title={Toward machine emotional intelligence: Analysis of affective physiological state},
  author={Picard, Rosalind W. and Vyzas, Elias and Healey, Jennifer},
  journal={IEEE Transactions on Pattern Analysis \& Machine Intelligence},
  number={10},
  pages={1175--1191},
  year={2001},
  publisher={Ieee}
}

@inproceedings{bauer2012can,
  title={Can smartphones detect stress-related changes in the behaviour of individuals?},
  author={Bauer, Gerald and Lukowicz, Paul},
  booktitle={2012 IEEE International Conference on Pervasive Computing and Communications Workshops},
  pages={423--426},
  year={2012},
  organization={IEEE}
}

@inproceedings{bogomolov2014pervasive,
  title={Pervasive stress recognition for sustainable living},
  author={Bogomolov, Andrey and Lepri, Bruno and Ferron, Michela and Pianesi, Fabio and Pentland, Alex Sandy},
  booktitle={2014 IEEE International Conference on Pervasive Computing and Communication Workshops (PERCOM WORKSHOPS)},
  pages={345--350},
  year={2014},
  organization={IEEE}
}

@inproceedings{grunerbl2012towards,
  title={Towards smart phone based monitoring of bipolar disorder},
  author={Gr{\"u}nerbl, Agnes and Oleksy, Patricia and Bahle, Gernot and Haring, Christian and Weppner, Jens and Lukowicz, Paul},
  booktitle={Proceedings of the Second ACM Workshop on Mobile Systems, Applications, and Services for HealthCare},
  pages={3},
  year={2012},
  organization={ACM}
}

@inproceedings{likamwa2013moodscope,
  title={Moodscope: Building a mood sensor from smartphone usage patterns},
  author={LiKamWa, Robert and Liu, Yunxin and Lane, Nicholas D and Zhong, Lin},
  booktitle={Proceeding of the 11th annual international conference on Mobile systems, applications, and services},
  pages={389--402},
  year={2013},
  organization={ACM}
}

@inproceedings{rachuri2010emotionsense,
  title={EmotionSense: a mobile phones based adaptive platform for experimental social psychology research},
  author={Rachuri, Kiran K and Musolesi, Mirco and Mascolo, Cecilia and Rentfrow, Peter J and Longworth, Chris and Aucinas, Andrius},
  booktitle={Proceedings of the 12th ACM international conference on Ubiquitous computing},
  pages={281--290},
  year={2010},
  organization={ACM}
}

@inproceedings{sano2013stress,
  title={Stress recognition using wearable sensors and mobile phones},
  author={Sano, Akane and Picard, Rosalind W},
  booktitle={2013 Humaine Association Conference on Affective Computing and Intelligent Interaction},
  pages={671--676},
  year={2013},
  organization={IEEE}
}

@article{alberdi2016towards,
  title={Towards an automatic early stress recognition system for office environments based on multimodal measurements: A review},
  author={Alberdi, Ane and Aztiria, Asier and Basarab, Adrian},
  journal={Journal of biomedical informatics},
  volume={59},
  pages={49--75},
  year={2016},
  publisher={Elsevier}
}

@inproceedings{epp2011identifying,
  title={Identifying emotional states using keystroke dynamics},
  author={Epp, Clayton and Lippold, Michael and Mandryk, Regan L},
  booktitle={Proceedings of the sigchi conference on human factors in computing systems},
  pages={715--724},
  year={2011},
  organization={ACM}
}

@article{healey2005detecting,
  title={Detecting stress during real-world driving tasks using physiological sensors},
  author={Healey, Jennifer and Picard, Rosalind W and others},
  journal={IEEE Transactions on intelligent transportation systems},
  volume={6},
  number={2},
  pages={156--166},
  year={2005}
}

@inproceedings{hernandez2014under,
  title={Under pressure: sensing stress of computer users},
  author={Hernandez, Javier and Paredes, Pablo and Roseway, Asta and Czerwinski, Mary},
  booktitle={Proceedings of the SIGCHI conference on Human factors in computing systems},
  pages={51--60},
  year={2014},
  organization={ACM}
}

@inproceedings{sun2014moustress,
  title={MouStress: detecting stress from mouse motion},
  author={Sun, David and Paredes, Pablo and Canny, John},
  booktitle={Proceedings of the SIGCHI conference on Human factors in computing systems},
  pages={61--70},
  year={2014},
  organization={ACM}
}

@article{sharma2012objective,
  title={Objective measures, sensors and computational techniques for stress recognition and classification: A survey},
  author={Sharma, Nandita and Gedeon, Tom},
  journal={Computer methods and programs in biomedicine},
  volume={108},
  number={3},
  pages={1287--1301},
  year={2012},
  publisher={Elsevier}
}